<record><leader>00000cas a22000007a 4500</leader><controlfield tag="001">28283910</controlfield><controlfield tag="008">930616d19121912scudn ne      0    0eng d</controlfield><datafield ind1=" " ind2=" " tag="010"><subfield code="a">sn 93067810 </subfield></datafield><datafield ind1=" " ind2=" " tag="040"><subfield code="a">SVN</subfield><subfield code="b">eng</subfield><subfield code="c">SVN</subfield><subfield code="d">OCLCQ</subfield></datafield><datafield ind1=" " ind2=" " tag="042"><subfield code="a">msc</subfield></datafield><datafield ind1="0" ind2=" " tag="130"><subfield code="a">Daily observer (Darlington, S.C.)</subfield></datafield><datafield ind1="1" ind2="4" tag="245"><subfield code="a">The daily observer.</subfield></datafield><datafield ind1=" " ind2=" " tag="260"><subfield code="a">Darlington, S.C. :</subfield><subfield code="b">Stokes Print. Co.</subfield></datafield><datafield ind1=" " ind2=" " tag="300"><subfield code="a">v.</subfield></datafield><datafield ind1=" " ind2=" " tag="310"><subfield code="a">Daily (except Sun.)</subfield></datafield><datafield ind1="1" ind2=" " tag="362"><subfield code="a">Began in 1912; ceased in 1912?</subfield></datafield><datafield ind1=" " ind2=" " tag="588"><subfield code="a">Description based on: Vol. 1, no. 3 (July 26, 1912).</subfield></datafield><datafield ind1=" " ind2="4" tag="651"><subfield code="a">Darlington County (S.C.)</subfield><subfield code="v">Newspapers.</subfield></datafield><datafield ind1=" " ind2=" " tag="752"><subfield code="a">United States</subfield><subfield code="b">South Carolina</subfield><subfield code="c">Darlington</subfield><subfield code="d">Darlington.</subfield></datafield><datafield ind1="1" ind2=" " tag="029"><subfield code="a">AU@</subfield><subfield code="b">000025892269</subfield></datafield></record>